@article{Abe2015,
title = "On the freestream preservation of high-order conservative flux-reconstruction schemes",
journal = "Journal of Computational Physics",
volume = "281",
number = "",
pages = "28 - 54",
year = "2015",
note = "",
issn = "0021-9991",
doi = "http://dx.doi.org/10.1016/j.jcp.2014.10.011",
url = "http://www.sciencedirect.com/science/article/pii/S0021999114006937",
author = "Yoshiaki Abe and Takanori Haga and Taku Nonomura and Kozo Fujii",
}

@article{Ainsworth2011,
author = {Mark Ainsworth and Gaelle Andriamaro and Oleg Davydov},
title = {Bernstein–Bézier Finite Elements of Arbitrary Order and Optimal Assembly Procedures},
journal = {SIAM Journal on Scientific Computing},
volume = {33},
number = {6},
pages = {3087-3109},
year = {2011},
doi = {10.1137/11082539X},
URL = { https://doi.org/10.1137/11082539X },
eprint = { https://doi.org/10.1137/11082539X }
}

@article{Arnold2002,
author = {Douglas N. Arnold and Franco Brezzi and Bernardo Cockburn and L. Donatella Marini},
title = {Unified Analysis of Discontinuous Galerkin Methods for Elliptic Problems},
journal = {SIAM Journal on Numerical Analysis},
volume = {39},
number = {5},
pages = {1749-1779},
year = {2002},
doi = {10.1137/S0036142901384162},
URL = {https://doi.org/10.1137/S0036142901384162},
eprint = {https://doi.org/10.1137/S0036142901384162}
}

@article{Brdar2012,
author = {S. Brdar and A. Dedner and R. Klöfkorn},
title = {Compact and Stable Discontinuous Galerkin Methods for Convection-Diffusion Problems},
journal = {SIAM Journal on Scientific Computing},
volume = {34},
number = {1},
pages = {A263-A282},
year = {2012},
doi = {10.1137/100817528},
URL = {https://doi.org/10.1137/100817528},
eprint = {https://doi.org/10.1137/100817528}
}

@article{Carlson2011,
author = { Carlson, Jan-Renee},
title = { Inflow/Outflow Boundary Conditions with Application to FUN3D},
publisher = { National Aeronautics and Space Administration, Langley Research Center ; National Technical Information Service, distributor Hampton, Va. : [Springfield, Va },
pages = { 1 v. },
year = { 2011 },
URL = {https://fun3d.larc.nasa.gov/papers/NASA-TM-2011-217181.pdf},
}

@article{Carpenter1994,
author = { Carpenter, Mark H. and Kennedy, Chris},
title = { Fourth-order 2N Runge-Kutta schemes},
publisher = { National Aeronautics and Space Administration, Langley Research Center ; National Technical Information Service, distributor Hampton, Va. : [Springfield, Va },
pages = { 1 v. },
year = { 1994 },
URL = {https://ntrs.nasa.gov/search.jsp?R=19940028444},
}

@article{Chan2016_bez,
author = {Jesse Chan and T. Warburton},
title = {A Short Note on a Bernstein--Bezier Basis for the Pyramid},
journal = {SIAM Journal on Scientific Computing},
volume = {38},
number = {4},
pages = {A2162-A2172},
year = {2016},
doi = {10.1137/15M1036397},
URL = { https://doi.org/10.1137/15M1036397 },
eprint = { https://doi.org/10.1137/15M1036397 }
}

@article{Chan2016,
author = {Jesse Chan and T. Warburton},
title = {Orthogonal Bases for Vertex-Mapped Pyramids},
journal = {SIAM Journal on Scientific Computing},
volume = {38},
number = {2},
pages = {A1146-A1170},
year = {2016},
doi = {10.1137/15M1011408},
URL = { https://doi.org/10.1137/15M1011408},
eprint = {https://doi.org/10.1137/15M1011408}
}

@article{Ciarlet1972,
title = "Interpolation theory over curved elements, with applications to finite element methods",
journal = "Computer Methods in Applied Mechanics and Engineering",
volume = "1",
number = "2",
pages = "217 - 249",
year = "1972",
note = "",
issn = "0045-7825",
doi = "http://dx.doi.org/10.1016/0045-7825(72)90006-0",
url = "http://www.sciencedirect.com/science/article/pii/0045782572900060",
author = "P.G. Ciarlet and P.-A. Raviart",
}

@Inbook{Gargallo-Peiro2014,
author="Gargallo-Peir{\'o}, Abel
and Roca, Xevi
and Peraire, Jaime
and Sarrate, Josep",
editor="Sarrate, Josep
and Staten, Matthew",
title="Defining Quality Measures for Validation and Generation of High-Order Tetrahedral Meshes",
bookTitle="Proceedings of the 22nd International Meshing Roundtable",
year="2014",
publisher="Springer International Publishing",
address="Cham",
pages="109--126",
isbn="978-3-319-02335-9",
doi="10.1007/978-3-319-02335-9_7",
url="https://doi.org/10.1007/978-3-319-02335-9_7"
}

@article{Gottlieb2001,
author = {Sigal Gottlieb and Chi-Wang Shu and Eitan Tadmor},
title = {Strong Stability-Preserving High-Order Time Discretization Methods},
journal = {SIAM Review},
volume = {43},
number = {1},
pages = {89-112},
year = {2001},
doi = {10.1137/S003614450036757X},
URL = {https://doi.org/10.1137/S003614450036757X},
eprint = {https://doi.org/10.1137/S003614450036757X}
}

@book{Hesthaven2007,
 author = {Hesthaven, Jan S. and Warburton, Tim},
 title = {Nodal Discontinuous Galerkin Methods: Algorithms, Analysis, and Applications},
 year = {2007},
 isbn = {0387720650, 9780387720654},
 edition = {1st},
 publisher = {Springer Publishing Company, Incorporated},
} 

@article{Illingworth1950,
title={Some solutions of the equations of flow of a viscous compressible fluid},
volume={46},
DOI={10.1017/S0305004100025986},
number={3},
journal={Mathematical Proceedings of the Cambridge Philosophical Society}, 
publisher={Cambridge University Press},
author={Illingworth, C. R.},
year={1950},
pages={469–478}
}

@article{Kopriva1996,
title = "A Conservative Staggered-Grid Chebyshev Multidomain Method for Compressible Flows. II. A Semi-Structured Method",
journal = "Journal of Computational Physics",
volume = "128",
number = "2",
pages = "475 - 488",
year = "1996",
issn = "0021-9991",
doi = "https://doi.org/10.1006/jcph.1996.0225",
url = "http://www.sciencedirect.com/science/article/pii/S0021999196902259",
author = "David A. Kopriva"
}

@article{Kopriva2006,
author="Kopriva, David A.",
title="Metric Identities and the Discontinuous Spectral Element Method on Curvilinear Meshes",
journal="Journal of Scientific Computing",
year="2006",
month="Mar",
day="13",
volume="26",
number="3",
pages="301",
issn="1573-7691",
doi="10.1007/s10915-005-9070-8",
url="https://doi.org/10.1007/s10915-005-9070-8"
}

@article{Lenoir1986,
author = {M. Lenoir},
title = {Optimal Isoparametric Finite Elements and Error Estimates for Domains Involving Curved Boundaries},
journal = {SIAM Journal on Numerical Analysis},
volume = {23},
number = {3},
pages = {562-580},
year = {1986},
doi = {10.1137/0723036},
URL = { http://dx.doi.org/10.1137/0723036},
eprint = {http://dx.doi.org/10.1137/0723036}
}

@article{Martins2003,
author = {Martins, Joaquim R. R. A. and Sturdza, Peter and Alonso, Juan J.},
title = {The Complex-step Derivative Approximation},
journal = {ACM Trans. Math. Softw.},
issue_date = {September 2003},
volume = {29},
number = {3},
month = sep,
year = {2003},
issn = {0098-3500},
pages = {245--262},
numpages = {18},
url = {http://doi.acm.org/10.1145/838250.838251},
doi = {10.1145/838250.838251},
acmid = {838251},
publisher = {ACM},
address = {New York, NY, USA},
keywords = {Automatic differentiation, complex-step derivative approximation, forward mode, gradients, overloading, sensitivities},
} 

@article{Nordstrom2005,
author = {Jan Nordström and Magnus Svärd},
title = {Well-Posed Boundary Conditions for the Navier--Stokes Equations},
journal = {SIAM Journal on Numerical Analysis},
volume = {43},
number = {3},
pages = {1231-1255},
year = {2005},
doi = {10.1137/040604972},
URL = {https://doi.org/10.1137/040604972},
eprint = {https://doi.org/10.1137/040604972}
}

@article{Parsani2015,
title = "Entropy stable wall boundary conditions for the three-dimensional compressible Navier–Stokes equations",
journal = "Journal of Computational Physics",
volume = "292",
pages = "88 - 113",
year = "2015",
issn = "0021-9991",
doi = "https://doi.org/10.1016/j.jcp.2015.03.026",
url = "http://www.sciencedirect.com/science/article/pii/S0021999115001734",
author = "Matteo Parsani and Mark H. Carpenter and Eric J. Nielsen",
keywords = "Entropy, Entropy stability, Compressible Navier–Stokes equations, Solid wall boundary conditions, SBP-SAT, High-order discontinuous methods"
}

@book{Prautzsch2002,
 author = {Prautzsch, Hartmut and Boehm, Wolfgang and Paluszny, Marco},
 title = {Bezier and B-Spline Techniques},
 year = {2002},
 isbn = {3540437614},
 publisher = {Springer-Verlag New York, Inc.},
 address = {Secaucus, NJ, USA},
}

@article{Qu2015,
title = "A new Roe-type scheme for all speeds",
journal = "Computers & Fluids",
volume = "121",
number = "Supplement C",
pages = "11 - 25",
year = "2015",
issn = "0045-7930",
doi = "https://doi.org/10.1016/j.compfluid.2015.07.007",
url = "http://www.sciencedirect.com/science/article/pii/S0045793015002339",
author = "Feng Qu and Chao Yan and Di Sun and Zhenhua Jiang",
keywords = "Shock anomaly, Roe, Low speeds, All speeds, RoeMAS, Computational fluid dynamics"
}

@misc{Scott_thesis,
title={Finite element techniques for curved boundaries},
author={Ridgway L., Scott},
note = ". Ph.D. Thesis, Massachusetts Institute of Technology",
pages={1-68},
year={1973},
url={http://hdl.handle.net/1721.1/12182},
}

@book{Shen2011,
 author = {Shen, Jie and Tang, Tao and Wang, Li-Lian},
 title = {Spectral Methods: Algorithms, Analysis and Applications},
 year = {2011},
 isbn = {354071040X, 9783540710400},
 edition = {1st},
 publisher = {Springer Publishing Company, Incorporated},
} 

@article{Shunn2012,
title = "Symmetric quadrature rules for tetrahedra based on a cubic close-packed lattice arrangement",
journal = "Journal of Computational and Applied Mathematics",
volume = "236",
number = "17",
pages = "4348 - 4364",
year = "2012",
note = "",
issn = "0377-0427",
doi = "http://dx.doi.org/10.1016/j.cam.2012.03.032",
url = "http://www.sciencedirect.com/science/article/pii/S0377042712001604",
author = "Lee Shunn and Frank Ham",
keywords = "Numerical integration",
keywords = "Cubatures for tetrahedra",
keywords = "Cubic close-packed"
}

@article{Squire1998,
author = {Squire, William and Trapp, George},
title = {Using Complex Variables to Estimate Derivatives  of Real Functions},
journal = {SIAM Rev.},
issue_date = {March 1998},
volume = {40},
number = {1},
month = mar,
year = {1998},
issn = {0036-1445},
pages = {110--112},
numpages = {3},
url = {http://dx.doi.org/10.1137/S003614459631241X},
doi = {10.1137/S003614459631241X},
acmid = {278138},
publisher = {Society for Industrial and Applied Mathematics},
address = {Philadelphia, PA, USA},
keywords = {divided difference, subtractive cancellation},
}

@book{Stroustrup2014,
author = {Stroustrup, Bjarne},
title = {Programming: Principles and Practice Using C++ (2nd Edition)},
year = {2014},
isbn = {0321992784, 9780321992789},
edition = {2nd},
publisher = {Addison-Wesley Professional},
}

@book{Szabo1991,
title={Finite Element Analysis},
author={Szabo, B.A. and Babu{\v{s}}ka, I.},
isbn={9780471502739},
lccn={lc90041067},
series={A Wiley-Interscience publication},
url={https://books.google.ca/books?id=JsCg-QWUT28C},
year={1991},
publisher={Wiley}
}

@book{Toro2009,
title={Riemann Solvers and Numerical Methods for Fluid Dynamics: A Practical Introduction},
author={Toro, E.F.},
isbn={9783540498346},
lccn={2009921818},
url={https://books.google.ca/books?id=SqEjX0um8o0C},
year={2009},
publisher={Springer Berlin Heidelberg}
}

@article{Williams2014,
 author = {Williams, D. M. and Shunn, L. and Jameson, A.},
 title = {Symmetric Quadrature Rules for Simplexes Based on Sphere Close Packed Lattice Arrangements},
 journal = {J. Comput. Appl. Math.},
 issue_date = {August, 2014},
 volume = {266},
 month = aug,
 year = {2014},
 issn = {0377-0427},
 pages = {18--38},
 numpages = {21},
 url = {http://dx.doi.org/10.1016/j.cam.2014.01.007},
 doi = {10.1016/j.cam.2014.01.007},
 acmid = {2612120},
 publisher = {Elsevier Science Publishers B. V.},
 address = {Amsterdam, The Netherlands, The Netherlands},
 keywords = {Integration, Quadrature, Simplex, Symmetric, Tetrahedron, Triangle},
} 

@article{Witherden2015,
title = "On the identification of symmetric quadrature rules for finite element methods",
journal = "Computers & Mathematics with Applications",
volume = "69",
number = "10",
pages = "1232 - 1241",
year = "2015",
note = "",
issn = "0898-1221",
doi = "http://dx.doi.org/10.1016/j.camwa.2015.03.017",
url = "http://www.sciencedirect.com/science/article/pii/S0898122115001224",
author = "F.D. Witherden and P.E. Vincent",
keywords = "Numerical integration",
keywords = "Gaussian quadrature",
keywords = "Finite elements",
keywords = "Cubature"
}

@incollection{Zienkiewicz2013_ch4,
title = "Chapter 4 - Variational Forms and Finite Element Approximation: 1-D Problems ",
editor = "Zienkiewicz, O.C. and , and Taylor, R.L. and ,  and Zhu, J.Z. ",
booktitle = "The Finite Element Method: its Basis and Fundamentals (Seventh Edition) ",
publisher = "Butterworth-Heinemann",
edition = "Seventh Edition",
address = "Oxford",
year = "2013",
pages = "93 - 113",
isbn = "978-1-85617-633-0",
doi = "https://doi.org/10.1016/B978-1-85617-633-0.00004-6",
url = "https://www.sciencedirect.com/science/article/pii/B9781856176330000046",
author = "O.C. Zienkiewicz and R.L. Taylor and J.Z. Zhu",
keywords = "Variational theorems",
keywords = "Constraints",
keywords = "Penalty methods",
keywords = "Lagrange multiplier methods "
}

@article{Zwanenburg2016,
title = "Equivalence between the Energy Stable Flux Reconstruction and Filtered Discontinuous {G}alerkin Schemes ",
journal = "Journal of Computational Physics ",
volume = "306",
number = "",
pages = "343 - 369",
year = "2016",
note = "",
issn = "0021-9991",
doi = "http://dx.doi.org/10.1016/j.jcp.2015.11.036",
url = "http://www.sciencedirect.com/science/article/pii/S0021999115007767",
author = "Philip Zwanenburg and Siva Nadarajah",
keywords = "High-order",
keywords = "Flux reconstruction",
keywords = "Discontinuous {G}alerkin",
keywords = "Equivalence",
keywords = "Filter",
keywords = "Curvilinear "
}
